@book{Wahrscheinlichkeitstheorie,
author = {Achim Klenke},
title = {Wahrscheinlichkeitstheorie},
year = {2013},
publisher = {Springer, 3. edition},
}